<?xml version='1.0' encoding='UTF-8'?>
<record xmlns="http://www.loc.gov/MARC21/slim">
  <leader>02110cam a2200421 a 4500</leader>
  <controlfield tag="001">2792298</controlfield>
  <controlfield tag="003">NjP</controlfield>
  <controlfield tag="005">20171013182209.0</controlfield>
  <controlfield tag="008">000209s1894    mr            000 0 ara d</controlfield>
  <datafield tag="024" ind1="7" ind2=" ">
    <subfield code="a">princeton_aco001860</subfield>
    <subfield code="2">local</subfield>
  </datafield>
  <datafield ind1=" " ind2=" " tag="035">
    <subfield code="a">(OCoLC)ocn178722904</subfield>
  </datafield>
  <datafield ind1=" " ind2=" " tag="035">
    <subfield code="a">(OCoLC)178722904</subfield>
  </datafield>
  <datafield ind1=" " ind2=" " tag="035">
    <subfield code="9">CNK1742TS</subfield>
  </datafield>
  <datafield ind1=" " ind2=" " tag="035">
    <subfield code="a">(NjP)2792298</subfield>
  </datafield>
  <datafield ind1=" " ind2=" " tag="040">
    <subfield code="a">NjP</subfield>
    <subfield code="c">PUL</subfield>
    <subfield code="d">PUL</subfield>
  </datafield>
  <datafield ind1=" " ind2=" " tag="049">
    <subfield code="a">PULL</subfield>
  </datafield>
  <datafield ind1=" " ind2=" " tag="079">
    <subfield code="a">ocm81278902</subfield>
  </datafield>
  <datafield ind1="1" ind2=" " tag="100">
    <subfield code="6">880-01</subfield>
    <subfield code="a">Ibn al-Madanī Jannūn, Muḥammad,</subfield>
    <subfield code="d">-1884 or 1885.</subfield>
    <subfield code="0">http://id.loc.gov/authorities/names/nr93000262</subfield>
  </datafield>
  <datafield ind1="1" ind2="0" tag="240">
    <subfield code="6">880-02</subfield>
    <subfield code="a">Ajwibat Muḥammad ibn al-Madanī Gannūn</subfield>
  </datafield>
  <datafield ind1="1" ind2="0" tag="245">
    <subfield code="6">880-03</subfield>
    <subfield code="a">Hādhihi Ajwibat al-Shaykh al-Imām al-ʻallāmah al-humām khātimat al-muḥaqqiqīn al-mushārīk al-ḥāfiẓ ... Muḥammad ibn al-Madanī G annūn /</subfield>
    <subfield code="c">jamaʻahā Muḥammad al-Tihāmī ibn al-Madanī Gannūn.</subfield>
  </datafield>
  <datafield ind1="3" ind2="0" tag="246">
    <subfield code="6">880-04</subfield>
    <subfield code="a">Ajwibat Muḥammad ibn al-Madanī Gannūn</subfield>
  </datafield>
  <datafield ind1=" " ind2=" " tag="260">
    <subfield code="6">880-05</subfield>
    <subfield code="a">[Morocco :</subfield>
    <subfield code="b">s.n.],</subfield>
    <subfield code="c">1311 [1894]</subfield>
  </datafield>
  <datafield ind1=" " ind2=" " tag="300">
    <subfield code="a">1 v. (various pagings) ;</subfield>
    <subfield code="c">22 cm.</subfield>
  </datafield>
  <datafield ind1=" " ind2="0" tag="650">
    <subfield code="a">Fatwas.</subfield>
    <subfield code="0">http://id.loc.gov/authorities/subjects/sh85047475</subfield>
  </datafield>
  <datafield ind1=" " ind2="0" tag="650">
    <subfield code="a">Islam</subfield>
    <subfield code="x">Doctrines.</subfield>
    <subfield code="0">http://id.loc.gov/authorities/subjects/sh85068396</subfield>
  </datafield>
  <datafield ind1=" " ind2="7" tag="655">
    <subfield code="a">Lithographs</subfield>
    <subfield code="z">Morocco</subfield>
    <subfield code="y">1894</subfield>
    <subfield code="2">gmgpc</subfield>
  </datafield>
  <datafield ind1="1" ind2=" " tag="700">
    <subfield code="6">880-06</subfield>
    <subfield code="a">Gannūn, Muḥammad al-Tihāmī.</subfield>
  </datafield>
  <datafield ind1="1" ind2=" " tag="880">
    <subfield code="6">100-01/r</subfield>
    <subfield code="a">ابن المدني جنون، محمد،</subfield>
    <subfield code="d">-1884 or 1885.</subfield>
  </datafield>
  <datafield ind1="1" ind2="0" tag="880">
    <subfield code="6">240-02/r</subfield>
    <subfield code="a">اجوبة محمد بن المدني جنون</subfield>
  </datafield>
  <datafield ind1="1" ind2="0" tag="880">
    <subfield code="6">245-03/r</subfield>
    <subfield code="a">هذه اجوبة الشيخ الامام العلامة الهمام خاتمة المحققين المشاريك الحافظ ... محمد بن المدني جنون /</subfield>
    <subfield code="c">جمعها محمد التهامي بن المدني جنون.</subfield>
  </datafield>
  <datafield ind1="3" ind2="0" tag="880">
    <subfield code="6">246-04/r</subfield>
    <subfield code="a">اجوبة محمد بن المدني جنون</subfield>
  </datafield>
  <datafield ind1=" " ind2=" " tag="880">
    <subfield code="6">260-05/r</subfield>
    <subfield code="a">[مغرب :</subfield>
    <subfield code="b">s.n.]،</subfield>
    <subfield code="c">1311 [1894]</subfield>
  </datafield>
  <datafield ind1="1" ind2=" " tag="880">
    <subfield code="6">700-06/r</subfield>
    <subfield code="a">جنون، محمد التهامي.</subfield>
  </datafield>
  <datafield ind1="4" ind2=" " tag="856">
    <subfield code="u">http://hdl.handle.net/2027/njp.32101035012168</subfield>
  </datafield>
  <datafield ind1=" " ind2=" " tag="948">
    <subfield code="a">jeb</subfield>
  </datafield>
  <datafield ind1=" " ind2=" " tag="911">
    <subfield code="a">20000209</subfield>
  </datafield>
  <datafield ind1=" " ind2=" " tag="912">
    <subfield code="a">20000218040417.0</subfield>
  </datafield>
  <datafield ind1=" " ind2=" " tag="994">
    <subfield code="a">C0</subfield>
    <subfield code="b">PUL</subfield>
  </datafield>
  <datafield ind1=" " ind2=" " tag="999">
    <subfield code="a">2792298</subfield>
  </datafield>
  <datafield ind1="0" ind2="0" tag="852">
    <subfield code="0">3103562</subfield>
    <subfield code="b">nec</subfield>
    <subfield code="t">1</subfield>
    <subfield code="h">KBP491</subfield>
    <subfield code="i">.I263 1894</subfield>
  </datafield>
  <datafield ind1="8" ind2=" " tag="852">
    <subfield code="0">8750478</subfield>
    <subfield code="b">elf1</subfield>
    <subfield code="h">Electronic Resource</subfield>
  </datafield>
  <datafield ind1=" " ind2=" " tag="959">
    <subfield code="a">2000-06-08 00:00:00 -0500</subfield>
  </datafield>
</record>
